@misc{Patel_Patel_2023, 
    title={Achieving A Secure Cloud Storage Mechanism Using Blockchain Technology}, 
    volume={15}, 
    url={http://dx.doi.org/10.7763/IJCTE.2023.V15.1342}, 
    DOI={10.7763/ijcte.2023.v15.1342}, 
    number={3}, 
    journal={International Journal of Computer Theory and Engineering},
    publisher={IACSIT Press}, 
    author={Patel, Parin and Patel, Hiren}, 
    year={2023}, 
    pages={130–142} 
}

@misc{Kumarathunga_Calheiros_Ginige_2022, 
    title={Sustainable Microfinance Outreach for Farmers with Blockchain Cryptocurrency and Smart Contracts}, 
    volume={14}, 
    url={http://dx.doi.org/10.7763/IJCTE.2022.V14.1304}, 
    DOI={10.7763/ijcte.2022.v14.1304}, 
    number={1}, 
    journal={International Journal of Computer Theory and Engineering},
    publisher={IACSIT Press}, 
    author={Kumarathunga, Malni and Calheiros, Rodrigo N. and Ginige, Athula}, 
    year={2022}, 
    pages={9–14} 
}

@inproceedings{atzei2017survey,
  title={A survey of attacks on ethereum smart contracts (sok)},
  author={Atzei, Nicola and Bartoletti, Massimo and Cimoli, Tiziana},
  booktitle={Principles of Security and Trust: 6th International Conference, POST 2017, Held as Part of the European Joint Conferences on Theory and Practice of Software, ETAPS 2017, Uppsala, Sweden, April 22-29, 2017, Proceedings 6},
  pages={164--186},
  year={2017},
  organization={Springer}
}

@inproceedings{jiang2018contractfuzzer,
  title={Contractfuzzer: Fuzzing smart contracts for vulnerability detection},
  author={Jiang, Bo and Liu, Ye and Chan, Wing Kwong},
  booktitle={Proceedings of the 33rd ACM/IEEE International Conference on Automated Software Engineering},
  pages={259--269},
  year={2018}
}

@article{huang2022smart,
  title={Smart contract vulnerability detection model based on multi-task learning},
  author={Huang, Jing and Zhou, Kuo and Xiong, Ao and Li, Dongmeng},
  journal={Sensors},
  volume={22},
  number={5},
  pages={1829},
  year={2022},
  publisher={MDPI}
}

@article{krichen2023strengthening,
  title={Strengthening the security of smart contracts through the power of artificial intelligence},
  author={Krichen, Moez},
  journal={Computers},
  volume={12},
  number={5},
  pages={107},
  year={2023},
  publisher={MDPI}
}

@article{badillo2020introduction,
  title={An introduction to machine learning},
  author={Badillo, Solveig and Banfai, Balazs and Birzele, Fabian and Davydov, Iakov I and Hutchinson, Lucy and Kam-Thong, Tony and Siebourg-Polster, Juliane and Steiert, Bernhard and Zhang, Jitao David},
  journal={Clinical pharmacology \& therapeutics},
  volume={107},
  number={4},
  pages={871--885},
  year={2020},
  publisher={Wiley Online Library}
}

@inproceedings{lai2020static,
  title={Static analysis of integer overflow of smart contracts in ethereum},
  author={Lai, Enmei and Luo, Wenjun},
  booktitle={Proceedings of the 2020 4th International Conference on Cryptography, Security and Privacy},
  pages={110--115},
  year={2020}
}

@inproceedings{wang2018overview,
  title={An overview of smart contract: architecture, applications, and future trends},
  author={Wang, Shuai and Yuan, Yong and Wang, Xiao and Li, Juanjuan and Qin, Rui and Wang, Fei-Yue},
  booktitle={2018 IEEE Intelligent Vehicles Symposium (IV)},
  pages={108--113},
  year={2018},
  organization={IEEE}
}

@article{singh2020sidechain,
  title={Sidechain technologies in blockchain networks: An examination and state-of-the-art review},
  author={Singh, Amritraj and Click, Kelly and Parizi, Reza M and Zhang, Qi and Dehghantanha, Ali and Choo, Kim-Kwang Raymond},
  journal={Journal of Network and Computer Applications},
  volume={149},
  pages={102471},
  year={2020},
  publisher={Elsevier}
}

@article{hardjono2021blockchain,
  title={Blockchain gateways, bridges and delegated hash-locks},
  author={Hardjono, Thomas},
  journal={arXiv preprint arXiv:2102.03933},
  year={2021}
}

@article{qin2018overview,
  title={An overview of blockchain scalability, interoperability and sustainability},
  author={Qin, Kaihua and Gervais, Arthur},
  journal={Hochschule Luzern Imperial College London Liquidity Network},
  pages={1--15},
  year={2018}
}

@article{hei2022practical,
  title={Practical AgentChain: A compatible cross-chain exchange system},
  author={Hei, Yiming and Li, Dawei and Zhang, Chi and Liu, Jianwei and Liu, Yizhong and Wu, Qianhong},
  journal={Future Generation Computer Systems},
  volume={130},
  pages={207--218},
  year={2022},
  publisher={Elsevier}
}

@article{han2023survey,
  title={A survey on cross-chain technologies},
  author={Han, Panpan and Yan, Zheng and Ding, Wenxiu and Fei, Shufan and Wan, Zhiguo},
  journal={Distributed Ledger Technologies: Research and Practice},
  volume={2},
  number={2},
  pages={1--30},
  year={2023},
  publisher={ACM New York, NY}
}

@inproceedings{madaan2020working,
  title={Working principle, application areas and challenges for blockchain technology},
  author={Madaan, Lakshit and Kumar, Amit and Bhushan, Bharat},
  booktitle={2020 IEEE 9th international conference on communication systems and network technologies (CSNT)},
  pages={254--259},
  year={2020},
  organization={IEEE}
}

@article{michael2018blockchain,
  title={Blockchain technology},
  author={Michael, J and Cohn, ALAN and Butcher, Jared R},
  journal={The Journal},
  volume={1},
  number={7},
  pages={1--11},
  year={2018}
}

@article{rajasekaran2022comprehensive,
  title={A comprehensive survey on blockchain technology},
  author={Rajasekaran, Arun Sekar and Azees, Maria and Al-Turjman, Fadi},
  journal={Sustainable Energy Technologies and Assessments},
  volume={52},
  pages={102039},
  year={2022},
  publisher={Elsevier}
}

@article{ammous2016blockchain,
  title={Blockchain technology: What is it good for?},
  author={Ammous, Saifedean},
  journal={Available at SSRN 2832751},
  year={2016}
}

@article{miraz2019atomic,
  title={Atomic cross-chain swaps: development, trajectory and potential of non-monetary digital token swap facilities},
  author={Miraz, Mahdi H and Donald, David C},
  journal={arXiv preprint arXiv:1902.04471},
  year={2019}
}

@inproceedings{zhang2022xscope,
  title={Xscope: Hunting for cross-chain bridge attacks},
  author={Zhang, Jiashuo and Gao, Jianbo and Li, Yue and Chen, Ziming and Guan, Zhi and Chen, Zhong},
  booktitle={Proceedings of the 37th IEEE/ACM International Conference on Automated Software Engineering},
  pages={1--4},
  year={2022}
}

@inproceedings{bhattacharya2017blockchain,
  title={A blockchain based peer-to-peer framework for exchanging leftover foreign currency},
  author={Bhattacharya, Rituparna and White, Martin and Beloff, Natalia},
  booktitle={2017 Computing Conference},
  pages={1431--1435},
  year={2017},
  organization={IEEE}
}

@article{rodler2018sereum,
  title={Sereum: Protecting existing smart contracts against re-entrancy attacks},
  author={Rodler, Michael and Li, Wenting and Karame, Ghassan O and Davi, Lucas},
  journal={arXiv preprint arXiv:1812.05934},
  year={2018}
}

@article{praitheeshan2019security,
  title={Security analysis methods on ethereum smart contract vulnerabilities: a survey},
  author={Praitheeshan, Purathani and Pan, Lei and Yu, Jiangshan and Liu, Joseph and Doss, Robin},
  journal={arXiv preprint arXiv:1908.08605},
  year={2019}
}

@article{kushwaha2022systematic,
  title={Systematic review of security vulnerabilities in ethereum blockchain smart contract},
  author={Kushwaha, Satpal Singh and Joshi, Sandeep and Singh, Dilbag and Kaur, Manjit and Lee, Heung-No},
  journal={IEEE Access},
  volume={10},
  pages={6605--6621},
  year={2022},
  publisher={IEEE}
}

@article{huang2018hunting,
  title={Hunting the ethereum smart contract: Color-inspired inspection of potential attacks},
  author={Huang, TonTon Hsien-De},
  journal={arXiv preprint arXiv:1807.01868},
  year={2018}
}

@article{sayeed2020smart,
  title={Smart contract: Attacks and protections},
  author={Sayeed, Sarwar and Marco-Gisbert, Hector and Caira, Tom},
  journal={IEEE Access},
  volume={8},
  pages={24416--24427},
  year={2020},
  publisher={IEEE}
}

@inproceedings{liao2019soliaudit,
  title={Soliaudit: Smart contract vulnerability assessment based on machine learning and fuzz testing},
  author={Liao, Jian-Wei and Tsai, Tsung-Ta and He, Chia-Kang and Tien, Chin-Wei},
  booktitle={2019 Sixth International Conference on Internet of Things: Systems, Management and Security (IOTSMS)},
  pages={458--465},
  year={2019},
  organization={IEEE}
}

@article{mao2022survey,
  title={A survey on cross-chain technology: Challenges, development, and prospect},
  author={Mao, Hanyu and Nie, Tiezheng and Sun, Hao and Shen, Derong and Yu, Ge},
  journal={IEEE Access},
  year={2022},
  publisher={IEEE}
}

@article{al2019blockchain,
  title={Blockchain in industries: A survey},
  author={Al-Jaroodi, Jameela and Mohamed, Nader},
  journal={IEEE Access},
  volume={7},
  pages={36500--36515},
  year={2019},
  publisher={IEEE}
}

@inproceedings{haugum2022security,
  title={Security and Privacy Challenges in Blockchain Interoperability-A Multivocal Literature Review},
  author={Haugum, Terje and Hoff, Bj{\o}rnar and Alsadi, Mohammed and Li, Jingyue},
  booktitle={Proceedings of the 26th International Conference on Evaluation and Assessment in Software Engineering},
  pages={347--356},
  year={2022}
}

@article{pourpouneh2023automated,
  title={Automated Market Makers for Cross-chain DeFi and Sharded Blockchains},
  author={Pourpouneh, Mohsen and Nielsen, Kurt and others},
  journal={arXiv preprint arXiv:2309.14290},
  year={2023}
}

@article{xu2021novel,
  title={A novel machine learning-based analysis model for smart contract vulnerability},
  author={Xu, Yingjie and Hu, Gengran and You, Lin and Cao, Chengtang},
  journal={Security and Communication Networks},
  volume={2021},
  pages={1--12},
  year={2021},
  publisher={Hindawi Limited}
}

@article{deng2023smart,
  title={Smart contract vulnerability detection based on deep learning and multimodal decision fusion},
  author={Deng, Weichu and Wei, Huanchun and Huang, Teng and Cao, Cong and Peng, Yun and Hu, Xuan},
  journal={Sensors},
  volume={23},
  number={16},
  pages={7246},
  year={2023},
  publisher={MDPI}
}

@article{he2020smart,
  title={Smart contract vulnerability analysis and security audit},
  author={He, Daojing and Deng, Zhi and Zhang, Yuxing and Chan, Sammy and Cheng, Yao and Guizani, Nadra},
  journal={IEEE Network},
  volume={34},
  number={5},
  pages={276--282},
  year={2020},
  publisher={IEEE}
}

@article{parizi2018empirical,
  title={Empirical vulnerability analysis of automated smart contracts security testing on blockchains},
  author={Parizi, Reza M and Dehghantanha, Ali and Choo, Kim-Kwang Raymond and Singh, Amritraj},
  journal={arXiv preprint arXiv:1809.02702},
  year={2018}
}

@inproceedings{tikhomirov2018smartcheck,
  title={Smartcheck: Static analysis of ethereum smart contracts},
  author={Tikhomirov, Sergei and Voskresenskaya, Ekaterina and Ivanitskiy, Ivan and Takhaviev, Ramil and Marchenko, Evgeny and Alexandrov, Yaroslav},
  booktitle={Proceedings of the 1st international workshop on emerging trends in software engineering for blockchain},
  pages={9--16},
  year={2018}
}

@article{zhang2022cbgru,
  title={Cbgru: A detection method of smart contract vulnerability based on a hybrid model},
  author={Zhang, Lejun and Chen, Weijie and Wang, Weizheng and Jin, Zilong and Zhao, Chunhui and Cai, Zhennao and Chen, Huiling},
  journal={Sensors},
  volume={22},
  number={9},
  pages={3577},
  year={2022},
  publisher={MDPI}
}

@inproceedings{staderini2020classification,
  title={Classification of ethereum vulnerabilities and their propagations},
  author={Staderini, Mirko and Palli, Caterina and Bondavalli, Andrea},
  booktitle={2020 Second International Conference on Blockchain Computing and Applications (BCCA)},
  pages={44--51},
  year={2020},
  organization={IEEE}
}

@inproceedings{xie2022zkbridge,
  title={zkbridge: Trustless cross-chain bridges made practical},
  author={Xie, Tiancheng and Zhang, Jiaheng and Cheng, Zerui and Zhang, Fan and Zhang, Yupeng and Jia, Yongzheng and Boneh, Dan and Song, Dawn},
  booktitle={Proceedings of the 2022 ACM SIGSAC Conference on Computer and Communications Security},
  pages={3003--3017},
  year={2022}
}

@article{lan2021horizon,
  title={Horizon: A gas-efficient, trustless bridge for cross-chain transactions},
  author={Lan, Rongjian and Upadhyaya, Ganesha and Tse, Stephen and Zamani, Mahdi},
  journal={arXiv preprint arXiv:2101.06000},
  year={2021}
}